<?xml version="1.0" encoding="UTF-8"?>
<!DOCTYPE html PUBLIC "-//W3C//DTD XHTML 1.0 Transitional//EN"
    "http://www.w3.org/TR/xhtml1/DTD/xhtml1-transitional.dtd">
<html xmlns="http://www.w3.org/1999/xhtml" xml:lang="en" lang="en">
 <head>
  <title>
</title>
<meta http-equiv="Content-Type" content="text/html;charset=utf-8" />
  <meta name='ocr-system' content='tesseract 3.04.00' />
  <meta name='ocr-capabilities' content='ocr_page ocr_carea ocr_par ocr_line ocrx_word'/>
</head>
<body>
  <div class='ocr_page' id='page_1' title='image "annalesingolsta00rotmgoog_0016.png"; bbox 0 0 3884 5000; ppageno 0'>
   <div class='ocr_carea' id='block_1_1' title="bbox 410 314 1850 575">
    <p class='ocr_par' dir='ltr' id='par_1_1' title="bbox 410 314 1850 575">
     <span class='ocr_line' id='line_1_1' title="bbox 655 314 1528 417; baseline 0.003 -4"><span class='ocrx_word' id='word_1_1' title='bbox 655 314 931 413; x_wconf 79' lang='lat' dir='ltr'><strong>Pmrrarro</strong></span> <span class='ocrx_word' id='word_1_2' title='bbox 962 337 1028 407; x_wconf 81' lang='lat' dir='ltr'><strong>an</strong></span> <span class='ocrx_word' id='word_1_3' title='bbox 1059 320 1235 417; x_wconf 81' lang='lat' dir='ltr'><strong>novnn&#39;</strong></span> <span class='ocrx_word' id='word_1_4' title='bbox 1259 317 1528 416; x_wconf 83' lang='lat' dir='ltr'><strong>Eurronmr</strong></span> 
     </span>
     <span class='ocr_line' id='line_1_2' title="bbox 410 480 1850 575; baseline 0.001 -44"><span class='ocrx_word' id='word_1_5' title='bbox 410 480 1772 537; x_wconf 51' lang='lat' dir='ltr'><strong>mmm</strong></span> <span class='ocrx_word' id='word_1_6' title='bbox 1844 568 1850 575; x_wconf 20' lang='grc' dir='ltr'><strong>ι</strong></span> 
     </span>
    </p>
   </div>
   <div class='ocr_carea' id='block_1_2' title="bbox 292 586 1787 1947">
    <p class='ocr_par' dir='ltr' id='par_1_2' title="bbox 292 586 1787 1947">
     <span class='ocr_line' id='line_1_3' title="bbox 411 586 1783 745; baseline -0.003 -37"><span class='ocrx_word' id='word_1_7' title='bbox 411 606 527 710; x_wconf 81' lang='lat' dir='ltr'><strong>clare</strong></span> <span class='ocrx_word' id='word_1_8' title='bbox 550 615 663 730; x_wconf 83' lang='lat' dir='ltr'><strong>gella</strong></span> <span class='ocrx_word' id='word_1_9' title='bbox 690 608 806 722; x_wconf 90' lang='lat' dir='ltr'><strong>sunt,</strong></span> <span class='ocrx_word' id='word_1_10' title='bbox 837 612 891 703; x_wconf 89' lang='lat' dir='ltr'><strong>ab</strong></span> <span class='ocrx_word' id='word_1_11' title='bbox 919 614 1100 703; x_wconf 87' lang='lat' dir='ltr'><strong>eruditis</strong></span> <span class='ocrx_word' id='word_1_12' title='bbox 1126 614 1412 745; x_wconf 67' lang='lat' dir='ltr'><strong>ignoraretur.</strong></span> <span class='ocrx_word' id='word_1_13' title='bbox 1474 613 1670 705; x_wconf 83' lang='lat' dir='ltr'><strong>Accinxi</strong></span> <span class='ocrx_word' id='word_1_14' title='bbox 1696 586 1783 741; x_wconf 80' lang='lat' dir='ltr'><strong>lgi-</strong></span> 
     </span>
     <span class='ocr_line' id='line_1_4' title="bbox 292 765 1774 889; baseline -0.004 -27"><span class='ocrx_word' id='word_1_15' title='bbox 292 820 299 831; x_wconf 81' lang='lat'><strong>·</strong></span> <span class='ocrx_word' id='word_1_16' title='bbox 408 792 478 862; x_wconf 92' lang='lat' dir='ltr'><strong>tur</strong></span> <span class='ocrx_word' id='word_1_17' title='bbox 497 795 569 859; x_wconf 92' lang='lat' dir='ltr'><strong>me</strong></span> <span class='ocrx_word' id='word_1_18' title='bbox 606 766 754 889; x_wconf 82' lang='lat' dir='ltr'><strong>operi3</strong></span> <span class='ocrx_word' id='word_1_19' title='bbox 784 765 960 885; x_wconf 90' lang='lat' dir='ltr'><strong>iamque</strong></span> <span class='ocrx_word' id='word_1_20' title='bbox 997 767 1136 854; x_wconf 88' lang='lat' dir='ltr'><strong>altero</strong></span> <span class='ocrx_word' id='word_1_21' title='bbox 1160 789 1265 854; x_wconf 83' lang='lat' dir='ltr'><strong>mox</strong></span> <span class='ocrx_word' id='word_1_22' title='bbox 1289 792 1404 855; x_wconf 91' lang='lat' dir='ltr'><strong>anno</strong></span> <span class='ocrx_word' id='word_1_23' title='bbox 1433 766 1614 883; x_wconf 90' lang='lat' dir='ltr'><strong>primatu</strong></span> <span class='ocrx_word' id='word_1_24' title='bbox 1641 788 1774 882; x_wconf 88' lang='lat' dir='ltr'><strong>atque</strong></span> 
     </span>
     <span class='ocr_line' id='line_1_5' title="bbox 400 918 1771 1036; baseline -0.006 -20"><span class='ocrx_word' id='word_1_25' title='bbox 400 922 634 1018; x_wconf 88' lang='lat' dir='ltr'><strong>secundam</strong></span> <span class='ocrx_word' id='word_1_26' title='bbox 656 921 832 1010; x_wconf 88' lang='lat' dir='ltr'><strong>illorum</strong></span> <span class='ocrx_word' id='word_1_27' title='bbox 854 938 1047 1035; x_wconf 89' lang='lat' dir='ltr'><strong>partem,</strong></span> <span class='ocrx_word' id='word_1_28' title='bbox 1073 944 1127 1007; x_wconf 82' lang='lat' dir='ltr'><strong>uc</strong></span> <span class='ocrx_word' id='word_1_29' title='bbox 1151 919 1284 1033; x_wconf 89' lang='lat' dir='ltr'><strong>paulo</strong></span> <span class='ocrx_word' id='word_1_30' title='bbox 1311 918 1408 1035; x_wconf 88' lang='lat' dir='ltr'><strong>post</strong></span> <span class='ocrx_word' id='word_1_31' title='bbox 1436 918 1626 1036; x_wconf 81' lang='lat' dir='ltr'><strong>reliquas</strong></span> <span class='ocrx_word' id='word_1_32' title='bbox 1663 922 1771 1009; x_wconf 89' lang='lat' dir='ltr'><strong>duar</strong></span> 
     </span>
     <span class='ocr_line' id='line_1_6' title="bbox 401 1060 1787 1193; baseline -0.007 -24"><span class='ocrx_word' id='word_1_33' title='bbox 401 1079 680 1190; x_wconf 79' lang='lat' dir='ltr'><strong>euulgarurua</strong></span> <span class='ocrx_word' id='word_1_34' title='bbox 702 1097 818 1162; x_wconf 90' lang='lat' dir='ltr'><strong>eram</strong></span> <span class='ocrx_word' id='word_1_35' title='bbox 843 1069 888 1158; x_wconf 93' lang='lat' dir='ltr'><strong>iu</strong></span> <span class='ocrx_word' id='word_1_36' title='bbox 915 1068 1162 1184; x_wconf 90' lang='lat' dir='ltr'><strong>publicum,</strong></span> <span class='ocrx_word' id='word_1_37' title='bbox 1192 1060 1268 1159; x_wconf 85' lang='lat' dir='ltr'><strong>nili</strong></span> <span class='ocrx_word' id='word_1_38' title='bbox 1289 1070 1424 1158; x_wconf 90' lang='lat' dir='ltr'><strong>motis</strong></span> <span class='ocrx_word' id='word_1_39' title='bbox 1454 1069 1667 1158; x_wconf 90' lang='lat' dir='ltr'><strong>continuo</strong></span> <span class='ocrx_word' id='word_1_40' title='bbox 1693 1098 1787 1193; x_wconf 86' lang='lat' dir='ltr'><strong>no·¹</strong></span> 
     </span>
     <span class='ocr_line' id='line_1_7' title="bbox 400 1218 1771 1351; baseline -0.002 -35"><span class='ocrx_word' id='word_1_41' title='bbox 400 1229 468 1316; x_wconf 90' lang='lat' dir='ltr'><strong>uis</strong></span> <span class='ocrx_word' id='word_1_42' title='bbox 500 1220 828 1313; x_wconf 73' lang='lat' dir='ltr'><strong>difficultatibus</strong></span> <span class='ocrx_word' id='word_1_43' title='bbox 855 1218 1178 1351; x_wconf 24' lang='lat' dir='ltr'><strong>coutrrlmeam</strong></span> <span class='ocrx_word' id='word_1_44' title='bbox 1206 1223 1482 1312; x_wconf 70' lang='lat' dir='ltr'><strong>voluntatem</strong></span> <span class='ocrx_word' id='word_1_45' title='bbox 1507 1223 1568 1310; x_wconf 79' lang='lat' dir='ltr'><strong>ud</strong></span> <span class='ocrx_word' id='word_1_46' title='bbox 1596 1221 1683 1312; x_wconf 92' lang='lat' dir='ltr'><strong>hoc</strong></span> <span class='ocrx_word' id='word_1_47' title='bbox 1708 1218 1771 1313; x_wconf 90' lang='lat' dir='ltr'><strong>vs·</strong></span> 
     </span>
     <span class='ocr_line' id='line_1_8' title="bbox 400 1370 1770 1501; baseline -0.001 -34"><span class='ocrx_word' id='word_1_48' title='bbox 400 1404 487 1498; x_wconf 91' lang='lat' dir='ltr'><strong>que</strong></span> <span class='ocrx_word' id='word_1_49' title='bbox 513 1398 687 1493; x_wconf 89' lang='lat' dir='ltr'><strong>tempus</strong></span> <span class='ocrx_word' id='word_1_50' title='bbox 720 1373 959 1501; x_wconf 79' lang='lat' dir='ltr'><strong>impeditus¹</strong></span> <span class='ocrx_word' id='word_1_51' title='bbox 997 1370 1181 1469; x_wconf 78' lang='lat' dir='ltr'><strong>suillem.</strong></span> <span class='ocrx_word' id='word_1_52' title='bbox 1267 1372 1471 1463; x_wconf 79' lang='lat' dir='ltr'><strong>Tandem</strong></span> <span class='ocrx_word' id='word_1_53' title='bbox 1502 1373 1633 1463; x_wconf 85' lang='lat' dir='ltr'><strong>rebus</strong></span> <span class='ocrx_word' id='word_1_54' title='bbox 1658 1377 1770 1466; x_wconf 86' lang='lat' dir='ltr'><strong>meis</strong></span> 
     </span>
     <span class='ocr_line' id='line_1_9' title="bbox 396 1522 1767 1649; baseline -0.007 -23"><span class='ocrx_word' id='word_1_55' title='bbox 396 1529 597 1649; x_wconf 80' lang='lat' dir='ltr'><strong>superum</strong></span> <span class='ocrx_word' id='word_1_56' title='bbox 628 1526 908 1645; x_wconf 90' lang='lat' dir='ltr'><strong>prouidentia</strong></span> <span class='ocrx_word' id='word_1_57' title='bbox 935 1551 987 1613; x_wconf 95' lang='lat' dir='ltr'><strong>ac</strong></span> <span class='ocrx_word' id='word_1_58' title='bbox 1022 1523 1270 1640; x_wconf 87' lang='lat' dir='ltr'><strong>Principum</strong></span> <span class='ocrx_word' id='word_1_59' title='bbox 1296 1522 1559 1616; x_wconf 75' lang='lat' dir='ltr'><strong>audioritate</strong></span> <span class='ocrx_word' id='word_1_60' title='bbox 1584 1542 1767 1644; x_wconf 84' lang='lat' dir='ltr'><strong>compo·</strong></span> 
     </span>
     <span class='ocr_line' id='line_1_10' title="bbox 396 1674 1767 1798; baseline -0.003 -23"><span class='ocrx_word' id='word_1_61' title='bbox 396 1684 511 1791; x_wconf 85' lang='lat' dir='ltr'><strong>litis,</strong></span> <span class='ocrx_word' id='word_1_62' title='bbox 542 1708 656 1773; x_wconf 89' lang='lat' dir='ltr'><strong>anuo</strong></span> <span class='ocrx_word' id='word_1_63' title='bbox 687 1674 897 1795; x_wconf 80' lang='lat' dir='ltr'>superiori</span> <span class='ocrx_word' id='word_1_64' title='bbox 921 1677 1048 1768; x_wconf 87' lang='lat' dir='ltr'><strong>licuit</strong></span> <span class='ocrx_word' id='word_1_65' title='bbox 1073 1675 1195 1793; x_wconf 83' lang='lat' dir='ltr'><strong>typis</strong></span> <span class='ocrx_word' id='word_1_66' title='bbox 1225 1675 1396 1773; x_wconf 81' lang='lat' dir='ltr'><strong>initium</strong></span> <span class='ocrx_word' id='word_1_67' title='bbox 1422 1680 1566 1785; x_wconf 67' lang='lat' dir='ltr'><strong>dare;‚</strong></span> <span class='ocrx_word' id='word_1_68' title='bbox 1592 1680 1767 1798; x_wconf 89' lang='lat' dir='ltr'><strong>iamque</strong></span> 
     </span>
     <span class='ocr_line' id='line_1_11' title="bbox 397 1826 1765 1947; baseline -0.008 -17"><span class='ocrx_word' id='word_1_69' title='bbox 397 1835 563 1929; x_wconf 82' lang='lat' dir='ltr'><strong>excufis</strong></span> <span class='ocrx_word' id='word_1_70' title='bbox 582 1831 707 1923; x_wconf 85' lang='lat' dir='ltr'><strong>Parte</strong></span> <span class='ocrx_word' id='word_1_71' title='bbox 734 1830 874 1947; x_wconf 90' lang='lat' dir='ltr'><strong>prima</strong></span> <span class='ocrx_word' id='word_1_72' title='bbox 906 1828 1171 1934; x_wconf 81' lang='lat' dir='ltr'>Annalium,</span> <span class='ocrx_word' id='word_1_73' title='bbox 1198 1826 1243 1919; x_wconf 85' lang='lat'>&amp;</span> <span class='ocrx_word' id='word_1_74' title='bbox 1269 1829 1441 1919; x_wconf 87' lang='lat' dir='ltr'>Codice</span> <span class='ocrx_word' id='word_1_75' title='bbox 1459 1832 1765 1947; x_wconf 88' lang='lat' dir='ltr'><strong>diplomatico,</strong></span> 
     </span>
    </p>
   </div>
   <div class='ocr_carea' id='block_1_3' title="bbox 255 1976 1766 2107">
    <p class='ocr_par' dir='ltr' id='par_1_3' title="bbox 255 1976 1766 2107">
     <span class='ocr_line' id='line_1_12' title="bbox 255 1976 1766 2107; baseline 0.001 -34"><span class='ocrx_word' id='word_1_76' title='bbox 255 2042 258 2053; x_wconf 44' lang='grc' dir='ltr'><strong>ι</strong></span> <span class='ocrx_word' id='word_1_77' title='bbox 396 1988 474 2107; x_wconf 93' lang='lat' dir='ltr'><strong>qui</strong></span> <span class='ocrx_word' id='word_1_78' title='bbox 498 1985 672 2081; x_wconf 86' lang='lat' dir='ltr'><strong>Partem</strong></span> <span class='ocrx_word' id='word_1_79' title='bbox 697 2003 892 2097; x_wconf 81' lang='lat' dir='ltr'><strong>quartam</strong></span> <span class='ocrx_word' id='word_1_80' title='bbox 925 1976 1111 2084; x_wconf 87' lang='lat' dir='ltr'><strong>efficiet,</strong></span> <span class='ocrx_word' id='word_1_81' title='bbox 1131 1983 1404 2095; x_wconf 88' lang='lat' dir='ltr'><strong>-promittere</strong></span> <span class='ocrx_word' id='word_1_82' title='bbox 1431 1984 1561 2073; x_wconf 86' lang='lat' dir='ltr'><strong>aufim</strong></span> <span class='ocrx_word' id='word_1_83' title='bbox 1597 1982 1766 2075; x_wconf 85' lang='lat' dir='ltr'><strong>Partem</strong></span> 
     </span>
    </p>
   </div>
   <div class='ocr_carea' id='block_1_4' title="bbox 394 2127 1780 2383">
    <p class='ocr_par' dir='ltr' id='par_1_4' title="bbox 394 2127 1780 2383">
     <span class='ocr_line' id='line_1_13' title="bbox 394 2127 1764 2251; baseline -0.005 -20"><span class='ocrx_word' id='word_1_84' title='bbox 394 2137 626 2232; x_wconf 77' lang='lat' dir='ltr'><strong>secundam</strong></span> <span class='ocrx_word' id='word_1_85' title='bbox 652 2157 704 2219; x_wconf 89' lang='lat' dir='ltr'><strong>ac</strong></span> <span class='ocrx_word' id='word_1_86' title='bbox 728 2132 901 2220; x_wconf 85' lang='lat' dir='ltr'><strong>tertiam</strong></span> <span class='ocrx_word' id='word_1_87' title='bbox 925 2154 1041 2218; x_wconf 88' lang='lat' dir='ltr'><strong>auno</strong></span> <span class='ocrx_word' id='word_1_88' title='bbox 1081 2130 1283 2248; x_wconf 81' lang='lat' dir='ltr'><strong>proxime</strong></span> <span class='ocrx_word' id='word_1_89' title='bbox 1311 2127 1509 2251; x_wconf 82' lang='lat' dir='ltr'><strong>sequenti</strong></span> <span class='ocrx_word' id='word_1_90' title='bbox 1546 2156 1670 2225; x_wconf 85' lang='lat' dir='ltr'><strong>certo</strong></span> <span class='ocrx_word' id='word_1_91' title='bbox 1704 2132 1764 2224; x_wconf 88' lang='lat' dir='ltr'><strong>se·</strong></span> 
     </span>
     <span class='ocr_line' id='line_1_14' title="bbox 395 2256 1780 2383; baseline -0.028 0"><span class='ocrx_word' id='word_1_92' title='bbox 395 2313 571 2383; x_wconf 81' lang='lat' dir='ltr'><strong>cuturas</strong></span> <span class='ocrx_word' id='word_1_93' title='bbox 594 2280 692 2375; x_wconf 85' lang='lat' dir='ltr'><strong>elle.</strong></span> <span class='ocrx_word' id='word_1_94' title='bbox 1776 2256 1780 2265; x_wconf 85' lang='lat'><em>&#39;</em></span> 
     </span>
    </p>
   </div>
   <div class='ocr_carea' id='block_1_5' title="bbox 394 2543 1764 3014">
    <p class='ocr_par' dir='ltr' id='par_1_5' title="bbox 394 2543 1764 3014">
     <span class='ocr_line' id='line_1_15' title="bbox 548 2543 1764 2697; baseline 0.006 -18"><span class='ocrx_word' id='word_1_95' title='bbox 548 2591 669 2697; x_wconf 77' lang='lat' dir='ltr'><strong>Quid</strong></span> <span class='ocrx_word' id='word_1_96' title='bbox 698 2543 807 2680; x_wconf 85' lang='lat' dir='ltr'><strong>vero</strong></span> <span class='ocrx_word' id='word_1_97' title='bbox 834 2590 878 2679; x_wconf 94' lang='lat' dir='ltr'><strong>in</strong></span> <span class='ocrx_word' id='word_1_98' title='bbox 902 2613 1020 2678; x_wconf 88' lang='lat' dir='ltr'><strong>noua</strong></span> <span class='ocrx_word' id='word_1_99' title='bbox 1041 2586 1124 2678; x_wconf 89' lang='lat' dir='ltr'><strong>hac</strong></span> <span class='ocrx_word' id='word_1_100' title='bbox 1150 2586 1389 2680; x_wconf 84' lang='lat' dir='ltr'><strong>Annalium</strong></span> <span class='ocrx_word' id='word_1_101' title='bbox 1411 2592 1764 2686; x_wconf 85' lang='lat' dir='ltr'><strong>academicorum</strong></span> 
     </span>
     <span class='ocr_line' id='line_1_16' title="bbox 394 2737 1761 2861; baseline -0.004 -21"><span class='ocrx_word' id='word_1_102' title='bbox 394 2747 595 2840; x_wconf 85' lang='lat' dir='ltr'><strong>editione</strong></span> <span class='ocrx_word' id='word_1_103' title='bbox 635 2742 899 2861; x_wconf 78' lang='lat' dir='ltr'><strong>praestiterim</strong></span> <span class='ocrx_word' id='word_1_104' title='bbox 932 2737 1212 2859; x_wconf 88' lang='lat' dir='ltr'><strong>sequentibus</strong></span> <span class='ocrx_word' id='word_1_105' title='bbox 1246 2743 1464 2859; x_wconf 83' lang='lat' dir='ltr'><strong>capitibus</strong></span> <span class='ocrx_word' id='word_1_106' title='bbox 1514 2747 1761 2860; x_wconf 82' lang='lat' dir='ltr'><strong>explicabo.</strong></span> 
     </span>
     <span class='ocr_line' id='line_1_17' title="bbox 396 2887 1763 3014; baseline -0.007 -20"><span class='ocrx_word' id='word_1_107' title='bbox 396 2903 464 3014; x_wconf 88' lang='lat'><strong>1.)</strong></span> <span class='ocrx_word' id='word_1_108' title='bbox 495 2895 691 2988; x_wconf 83' lang='lat' dir='ltr'><strong>Textum</strong></span> <span class='ocrx_word' id='word_1_109' title='bbox 724 2893 1076 3001; x_wconf 87' lang='lat' dir='ltr'><strong>Rormarianum,</strong></span> <span class='ocrx_word' id='word_1_110' title='bbox 1118 2887 1412 3011; x_wconf 85' lang='lat' dir='ltr'><strong>quiquidem</strong></span> <span class='ocrx_word' id='word_1_111' title='bbox 1453 2897 1507 2983; x_wconf 89' lang='lat' dir='ltr'><strong>ad</strong></span> <span class='ocrx_word' id='word_1_112' title='bbox 1544 2895 1763 2985; x_wconf 78' lang='lat' dir='ltr'><strong>historiam</strong></span> 
     </span>
    </p>
   </div>
   <div class='ocr_carea' id='block_1_6' title="bbox 315 3037 1762 4378">
    <p class='ocr_par' dir='ltr' id='par_1_6' title="bbox 315 3037 1762 4378">
     <span class='ocr_line' id='line_1_18' title="bbox 392 3037 1762 3162; baseline -0.007 -20"><span class='ocrx_word' id='word_1_113' title='bbox 392 3049 521 3142; x_wconf 88' lang='lat' dir='ltr'><strong>huius</strong></span> <span class='ocrx_word' id='word_1_114' title='bbox 552 3044 851 3138; x_wconf 85' lang='lat' dir='ltr'><strong>Vniuerfitatis</strong></span> <span class='ocrx_word' id='word_1_115' title='bbox 876 3037 1098 3158; x_wconf 83' lang='lat' dir='ltr'><strong>pertinere</strong></span> <span class='ocrx_word' id='word_1_116' title='bbox 1121 3067 1381 3162; x_wconf 89' lang='lat' dir='ltr'><strong>quacunque</strong></span> <span class='ocrx_word' id='word_1_117' title='bbox 1393 3044 1567 3130; x_wconf 89' lang='lat' dir='ltr'><strong>ratione</strong></span> <span class='ocrx_word' id='word_1_118' title='bbox 1584 3049 1762 3133; x_wconf 79' lang='lat' dir='ltr'><strong>videba-</strong></span> 
     </span>
     <span class='ocr_line' id='line_1_19' title="bbox 390 3189 1762 3310; baseline -0.004 -16"><span class='ocrx_word' id='word_1_119' title='bbox 390 3223 483 3310; x_wconf 89' lang='lat' dir='ltr'><strong>tur,</strong></span> <span class='ocrx_word' id='word_1_120' title='bbox 511 3221 653 3290; x_wconf 90' lang='lat' dir='ltr'><strong>totum</strong></span> <span class='ocrx_word' id='word_1_121' title='bbox 693 3190 913 3309; x_wconf 75' lang='lat' dir='ltr'><strong>descripb3</strong></span> <span class='ocrx_word' id='word_1_122' title='bbox 954 3189 1114 3283; x_wconf 76' lang='lat' dir='ltr'><strong>omilim</strong></span> <span class='ocrx_word' id='word_1_123' title='bbox 1164 3213 1331 3282; x_wconf 89' lang='lat' dir='ltr'><strong>tantum</strong></span> <span class='ocrx_word' id='word_1_124' title='bbox 1371 3193 1762 3288; x_wconf 83' lang='lat' dir='ltr'><strong>acclamationibus</strong></span> 
     </span>
     <span class='ocr_line' id='line_1_20' title="bbox 315 3342 1760 3478; baseline -0.003 -33"><span class='ocrx_word' id='word_1_125' title='bbox 315 3349 320 3360; x_wconf 63' lang='lat'>‘</span> <span class='ocrx_word' id='word_1_126' title='bbox 389 3353 606 3478; x_wconf 89' lang='lat' dir='ltr'><strong>poeticis,</strong></span> <span class='ocrx_word' id='word_1_127' title='bbox 632 3371 727 3466; x_wconf 80' lang='lat' dir='ltr'><strong>quae</strong></span> <span class='ocrx_word' id='word_1_128' title='bbox 754 3343 940 3434; x_wconf 89' lang='lat' dir='ltr'><strong>aliorum</strong></span> <span class='ocrx_word' id='word_1_129' title='bbox 967 3345 1101 3435; x_wconf 88' lang='lat' dir='ltr'><strong>etiam</strong></span> <span class='ocrx_word' id='word_1_130' title='bbox 1139 3342 1332 3446; x_wconf 91' lang='lat' dir='ltr'><strong>iudicio,</strong></span> <span class='ocrx_word' id='word_1_131' title='bbox 1378 3348 1498 3462; x_wconf 90' lang='lat' dir='ltr'><strong>quod</strong></span> <span class='ocrx_word' id='word_1_132' title='bbox 1528 3348 1760 3467; x_wconf 77' lang='lat' dir='ltr'><strong>exquisibi,</strong></span> 
     </span>
     <span class='ocr_line' id='line_1_21' title="bbox 387 3488 1760 3624; baseline -0.009 -24"><span class='ocrx_word' id='word_1_133' title='bbox 387 3531 533 3624; x_wconf 89' lang='lat' dir='ltr'><strong>neque</strong></span> <span class='ocrx_word' id='word_1_134' title='bbox 557 3499 731 3592; x_wconf 86' lang='lat' dir='ltr'><strong>decoris</strong></span> <span class='ocrx_word' id='word_1_135' title='bbox 754 3498 1015 3618; x_wconf 87' lang='lat' dir='ltr'><strong>quidquam,</strong></span> <span class='ocrx_word' id='word_1_136' title='bbox 1042 3495 1086 3585; x_wconf 94' lang='lat' dir='ltr'><strong>iu</strong></span> <span class='ocrx_word' id='word_1_137' title='bbox 1113 3496 1195 3584; x_wconf 91' lang='lat' dir='ltr'><strong>hac</strong></span> <span class='ocrx_word' id='word_1_138' title='bbox 1218 3488 1427 3584; x_wconf 88' lang='lat' dir='ltr'><strong>mularum</strong></span> <span class='ocrx_word' id='word_1_139' title='bbox 1445 3499 1584 3588; x_wconf 79' lang='lat' dir='ltr'><strong>etatis</strong></span> <span class='ocrx_word' id='word_1_140' title='bbox 1609 3500 1760 3588; x_wconf 79' lang='lat' dir='ltr'><strong>nolite</strong></span> 
     </span>
     <span class='ocr_line' id='line_1_22' title="bbox 388 3645 1760 3773; baseline -0.005 -24"><span class='ocrx_word' id='word_1_141' title='bbox 388 3656 628 3773; x_wconf 78' lang='lat' dir='ltr'><strong>elegantia,</strong></span> <span class='ocrx_word' id='word_1_142' title='bbox 657 3678 804 3771; x_wconf 87' lang='lat' dir='ltr'><strong>neque</strong></span> <span class='ocrx_word' id='word_1_143' title='bbox 826 3647 1031 3738; x_wconf 81' lang='lat' dir='ltr'><strong>utilitatis</strong></span> <span class='ocrx_word' id='word_1_144' title='bbox 1063 3649 1118 3738; x_wconf 82' lang='lat' dir='ltr'><strong>ud</strong></span> <span class='ocrx_word' id='word_1_145' title='bbox 1153 3647 1351 3765; x_wconf 80' lang='lat' dir='ltr'><strong>posteros</strong></span> <span class='ocrx_word' id='word_1_146' title='bbox 1384 3645 1518 3762; x_wconf 80' lang='lat' dir='ltr'><strong>ellent</strong></span> <span class='ocrx_word' id='word_1_147' title='bbox 1554 3651 1760 3750; x_wconf 77' lang='lat' dir='ltr'><strong>allaturu,</strong></span> 
     </span>
     <span class='ocr_line' id='line_1_23' title="bbox 387 3795 1758 3924; baseline -0.004 -22"><span class='ocrx_word' id='word_1_148' title='bbox 387 3808 551 3921; x_wconf 81' lang='lat' dir='ltr'><strong>Elogia</strong></span> <span class='ocrx_word' id='word_1_149' title='bbox 572 3829 751 3924; x_wconf 84' lang='lat' dir='ltr'><strong>quoque</strong></span> <span class='ocrx_word' id='word_1_150' title='bbox 777 3800 1051 3919; x_wconf 83' lang='lat' dir='ltr'><strong>Principum,</strong></span> <span class='ocrx_word' id='word_1_151' title='bbox 1075 3795 1421 3917; x_wconf 81' lang='lat' dir='ltr'><strong>Episcoporum,</strong></span> <span class='ocrx_word' id='word_1_152' title='bbox 1451 3801 1758 3914; x_wconf 71' lang='lat' dir='ltr'><strong>ebruinum,</strong></span> 
     </span>
     <span class='ocr_line' id='line_1_24' title="bbox 385 3951 1757 4073; baseline -0.004 -18"><span class='ocrx_word' id='word_1_153' title='bbox 385 3963 517 4055; x_wconf 78' lang='lat' dir='ltr'><strong>huius</strong></span> <span class='ocrx_word' id='word_1_154' title='bbox 542 3956 776 4073; x_wconf 87' lang='lat' dir='ltr'><strong>aliquando</strong></span> <span class='ocrx_word' id='word_1_155' title='bbox 802 3951 1108 4047; x_wconf 80' lang='lat' dir='ltr'><strong>Vniuerlitctis</strong></span> <span class='ocrx_word' id='word_1_156' title='bbox 1150 3953 1468 4064; x_wconf 83' lang='lat' dir='ltr'><strong>Alumnorum,</strong></span> <span class='ocrx_word' id='word_1_157' title='bbox 1513 3955 1757 4050; x_wconf 76' lang='lat' dir='ltr'><strong>b&#39;acuttatir</strong></span> 
     </span>
     <span class='ocr_line' id='line_1_25' title="bbox 383 4102 1756 4228; baseline -0.009 -20"><span class='ocrx_word' id='word_1_158' title='bbox 383 4119 495 4211; x_wconf 89' lang='lat' dir='ltr'><strong>item</strong></span> <span class='ocrx_word' id='word_1_159' title='bbox 517 4109 807 4228; x_wconf 78' lang='lat' dir='ltr'><strong>Theologicae</strong></span> <span class='ocrx_word' id='word_1_160' title='bbox 830 4102 1143 4217; x_wconf 76' lang='lat' dir='ltr'><strong>Prol&#39;efforum,</strong></span> <span class='ocrx_word' id='word_1_161' title='bbox 1179 4131 1275 4227; x_wconf 75' lang='lat' dir='ltr'><strong>quc</strong></span> <span class='ocrx_word' id='word_1_162' title='bbox 1297 4103 1556 4217; x_wconf 83' lang='lat' dir='ltr'><strong>Rotmatuc,</strong></span> <span class='ocrx_word' id='word_1_163' title='bbox 1587 4107 1633 4198; x_wconf 78' lang='lat' dir='ltr'><strong>dt</strong></span> <span class='ocrx_word' id='word_1_164' title='bbox 1661 4106 1756 4221; x_wconf 85' lang='lat' dir='ltr'><strong>poll</strong></span> 
     </span>
     <span class='ocr_line' id='line_1_26' title="bbox 1566 4256 1696 4378; baseline -0.023 -27"><span class='ocrx_word' id='word_1_165' title='bbox 1566 4256 1696 4378; x_wconf 84' lang='lat' dir='ltr'><strong>iplrur</strong></span> 
     </span>
    </p>
   </div>
   <div class='ocr_carea' id='block_1_7' title="bbox 0 0 1946 5000">
    <p class='ocr_par' dir='ltr' id='par_1_7' title="bbox 0 0 1946 5000">
     <span class='ocr_line' id='line_1_27' title="bbox 0 0 1946 5000; baseline 0 8"><span class='ocrx_word' id='word_1_166' title='bbox 0 0 1946 5000; x_wconf 95' lang='lat' dir='ltr'><strong> </strong></span> 
     </span>
    </p>
   </div>
  </div>
 </body>
</html>
